@book{hayes1995anton,
  title={Anton von Webern},
  author={Hayes, Malcolm},
  year={1995},
  publisher={Phaidon Press}
}

@book{monson1979alban,
  title={Alban Berg},
  author={Monson, Karen},
  year={1979},
  publisher={Boston: Houghton Mifflin Company}
}

@misc{buckle1975diaghilev,
  title={Diaghilev. New York: Atheneum, 1979. Nijinsky},
  author={Buckle, Richard},
  year={1975},
  publisher={New York: Avon Books}
}

@book{budden2005puccini,
  title={Puccini: his life and works},
  author={Budden, Julian},
  year={2005},
  publisher={Oxford University Press}
}

@book{hill2000stravinsky,
  title={Stravinsky: The rite of spring},
  author={Hill, Peter},
  year={2000},
  publisher={Cambridge University Press}
}

@book{osborne1983complete,
  title={The complete operas of Puccini: a critical guide},
  author={Osborne, Charles},
  year={1983},
  publisher={Da Capo Press}
}

@book{newman1977wagner,
  title={Wagner nights},
  author={Newman, E.},
  series={Picador Series},
  url={http://books.google.co.uk/books?id=JmoJAQAAMAAJ},
  year={1977},
  publisher={Pan Books}
}

@book{grout1996history,
  title={A History of Western Music},
  author={Grout, D.J. and Palisca, C.V.},
  isbn={9780393969047},
  lccn={95022577},
  url={https://books.google.co.uk/books?id=fAy\_QgAACAAJ},
  year={1996},
  publisher={W.W. Norton}
}

